<record><leader>00000cas a22000007a 4500</leader><controlfield tag="001">11779672</controlfield><controlfield tag="008">850308c19609999vaudr ne      0   a0eng d</controlfield><datafield ind1=" " ind2=" " tag="010"><subfield code="a">sn 85000790 </subfield></datafield><datafield ind1=" " ind2=" " tag="040"><subfield code="a">NSD</subfield><subfield code="b">eng</subfield><subfield code="c">NSD</subfield><subfield code="d">NVK</subfield><subfield code="d">OCLCQ</subfield><subfield code="d">DLC</subfield><subfield code="d">OCLCF</subfield></datafield><datafield ind1=" " ind2=" " tag="012"><subfield code="m">1</subfield></datafield><datafield ind1="1" ind2=" " tag="022"><subfield code="a">8750-7862</subfield><subfield code="l">8750-7862</subfield><subfield code="2">1</subfield></datafield><datafield ind1="1" ind2=" " tag="029"><subfield code="a">AU@</subfield><subfield code="b">000020351185</subfield></datafield><datafield ind1=" " ind2=" " tag="032"><subfield code="a">383620</subfield><subfield code="b">USPS</subfield></datafield><datafield ind1=" " ind2=" " tag="037"><subfield code="b">The News-Virginian, Box 1027, Waynesboro, Va. 22980</subfield></datafield><datafield ind1=" " ind2=" " tag="042"><subfield code="a">nsdp</subfield></datafield><datafield ind1="1" ind2="0" tag="050"><subfield code="a">ISSN RECORD</subfield></datafield><datafield ind1=" " ind2="4" tag="222"><subfield code="a">The News-Virginian</subfield></datafield><datafield ind1="0" ind2="4" tag="245"><subfield code="a">The News-Virginian.</subfield></datafield><datafield ind1="1" ind2="0" tag="246"><subfield code="a">News Virginian</subfield></datafield><datafield ind1=" " ind2=" " tag="250"><subfield code="a">Final ed.</subfield></datafield><datafield ind1=" " ind2=" " tag="260"><subfield code="a">Waynesboro, Va. :</subfield><subfield code="b">Louis Spilman,</subfield><subfield code="c">1960-</subfield></datafield><datafield ind1=" " ind2=" " tag="310"><subfield code="a">Daily (except Sundays &amp; Christmas),</subfield><subfield code="b">&lt;Jan. 31, 1985&gt;-</subfield></datafield><datafield ind1=" " ind2=" " tag="321"><subfield code="a">Daily (except Sundays &amp; holidays)</subfield></datafield><datafield ind1="0" ind2=" " tag="362"><subfield code="a">Vol. 69, no. 211 (Sept, 6, 1960)-</subfield></datafield><datafield ind1=" " ind2=" " tag="500"><subfield code="a">"Serving Waynesboro, Staunton, Stuarts Draft, Lyndhurst, Fishersville, Crimora, Augusta and Nelson Counties."</subfield></datafield><datafield ind1=" " ind2=" " tag="500"><subfield code="a">Publisher varies: Waynesboro Publishing Corp., Mar. 1966-&lt;Mar. 1998&gt;; Park Newspapers of Waynesboro, &lt;Jan. 1983-1997&gt;; Virginia Newspapers, Inc., &lt;1997&gt;-  .</subfield></datafield><datafield ind1=" " ind2=" " tag="500"><subfield code="a">Home editions published briefly, &lt;Sept. 1960-Jan. 1961&gt;.</subfield></datafield><datafield ind1=" " ind2=" " tag="525"><subfield code="a">Contains numerous supplements.</subfield></datafield><datafield ind1=" " ind2=" " tag="530"><subfield code="a">Available on microfilm from UMI.</subfield></datafield><datafield ind1=" " ind2="0" tag="651"><subfield code="a">Waynesboro (Va.)</subfield><subfield code="v">Newspapers.</subfield></datafield><datafield ind1=" " ind2="0" tag="651"><subfield code="a">Augusta County (Va.)</subfield><subfield code="v">Newspapers.</subfield></datafield><datafield ind1=" " ind2="7" tag="655"><subfield code="a">Newspapers.</subfield><subfield code="2">fast</subfield><subfield code="0">(OCoLC)fst01423814</subfield></datafield><datafield ind1=" " ind2="7" tag="651"><subfield code="a">Virginia</subfield><subfield code="z">Augusta County.</subfield><subfield code="2">fast</subfield><subfield code="0">(OCoLC)fst01206013</subfield></datafield><datafield ind1=" " ind2="7" tag="651"><subfield code="a">Virginia</subfield><subfield code="z">Waynesboro.</subfield><subfield code="2">fast</subfield><subfield code="0">(OCoLC)fst01222309</subfield></datafield><datafield ind1=" " ind2=" " tag="752"><subfield code="a">United States</subfield><subfield code="b">Virginia</subfield><subfield code="d">Waynesboro.</subfield></datafield><datafield ind1="0" ind2="4" tag="780"><subfield code="t">Waynesboro news-Virginian (Waynesboro, Va. : Home ed.)</subfield><subfield code="w">(DLC)sn 98068375</subfield><subfield code="w">(OCoLC)39099224</subfield></datafield><datafield ind1="0" ind2="4" tag="780"><subfield code="t">Waynesboro news-Virginian (Waynesboro, Va. : Final ed.)</subfield><subfield code="w">(DLC)sn 99066757</subfield><subfield code="w">(OCoLC)43622738</subfield></datafield></record>